<record><leader>00000cas a2200000 a 4500</leader><controlfield tag="001">12564804</controlfield><controlfield tag="008">850917d18871887ksuwr ne      0    0eng d</controlfield><datafield ind1=" " ind2=" " tag="010"><subfield code="a">sn 85029788 </subfield></datafield><datafield ind1=" " ind2=" " tag="040"><subfield code="a">KSH</subfield><subfield code="b">eng</subfield><subfield code="c">KSH</subfield><subfield code="d">NPT</subfield><subfield code="d">OCL</subfield><subfield code="d">OCLCQ</subfield></datafield><datafield ind1=" " ind2=" " tag="042"><subfield code="a">msc</subfield></datafield><datafield ind1="0" ind2=" " tag="130"><subfield code="a">Saturday review (Russell, Kan.)</subfield></datafield><datafield ind1="1" ind2="4" tag="245"><subfield code="a">The Saturday review.</subfield></datafield><datafield ind1="1" ind2="3" tag="246"><subfield code="a">Russell review</subfield><subfield code="f">June 29-July 27, 1887</subfield></datafield><datafield ind1=" " ind2=" " tag="260"><subfield code="a">Russell, Kan. :</subfield><subfield code="b">J.H. &amp; H. Franklin,</subfield><subfield code="c">1887.</subfield></datafield><datafield ind1=" " ind2=" " tag="300"><subfield code="a">1 v. ;</subfield><subfield code="c">55-65 cm.</subfield></datafield><datafield ind1=" " ind2=" " tag="310"><subfield code="a">Weekly</subfield></datafield><datafield ind1="0" ind2=" " tag="362"><subfield code="a">Vol. 1, no. 21 (Jan. 1, 1887)-v. 1, no. 51 (July 27, 1887).</subfield></datafield><datafield ind1=" " ind2=" " tag="752"><subfield code="a">United States</subfield><subfield code="b">Kansas</subfield><subfield code="c">Russell</subfield><subfield code="d">Russell.</subfield></datafield><datafield ind1="0" ind2="0" tag="780"><subfield code="t">Saturday record</subfield><subfield code="w">(DLC)sn 85029789</subfield></datafield><datafield ind1="0" ind2="0" tag="785"><subfield code="t">Russell democratic review</subfield><subfield code="w">(DLC)sn 85029790</subfield></datafield><datafield ind1="1" ind2=" " tag="029"><subfield code="a">AU@</subfield><subfield code="b">000022172460</subfield></datafield></record>